<record><leader>00000cas a2200000 a 4500</leader><controlfield tag="001">11471260</controlfield><controlfield tag="008">841208d19721977hiuwr ne      0    0eng d</controlfield><datafield ind1=" " ind2=" " tag="010"><subfield code="a">sn 84045363 </subfield></datafield><datafield ind1=" " ind2=" " tag="040"><subfield code="a">HUH</subfield><subfield code="b">eng</subfield><subfield code="c">HUH</subfield><subfield code="d">HWN</subfield><subfield code="d">OCL</subfield><subfield code="d">OCLCQ</subfield><subfield code="d">OCLCF</subfield><subfield code="d">OCLCO</subfield></datafield><datafield ind1=" " ind2=" " tag="042"><subfield code="a">msc</subfield></datafield><datafield ind1=" " ind2=" " tag="043"><subfield code="a">n-us-hi</subfield></datafield><datafield ind1=" " ind2=" " tag="090"><subfield code="a">AN2</subfield><subfield code="b">.W335</subfield></datafield><datafield ind1="0" ind2="0" tag="245"><subfield code="a">Wahiawa sun press.</subfield></datafield><datafield ind1=" " ind2=" " tag="260"><subfield code="a">Kaneohe, Hawaii :</subfield><subfield code="b">Community Publication</subfield></datafield><datafield ind1=" " ind2=" " tag="300"><subfield code="a">v. :</subfield><subfield code="b">ill. ;</subfield><subfield code="c">58 cm.</subfield></datafield><datafield ind1=" " ind2=" " tag="310"><subfield code="a">Weekly</subfield></datafield><datafield ind1="0" ind2=" " tag="362"><subfield code="a">-v. 17, no. 21 (June 8, 1977).</subfield></datafield><datafield ind1="1" ind2=" " tag="362"><subfield code="a">Began in 1972.</subfield></datafield><datafield ind1=" " ind2=" " tag="500"><subfield code="a">"Dedicated to the residents of Wahiawa, Schofield Barracks, Mililani, and Wheeler Air Force Base."</subfield></datafield><datafield ind1=" " ind2=" " tag="588"><subfield code="a">Description based on: V. 14, no. 42 (Nov. 6-12, 1974).</subfield></datafield><datafield ind1=" " ind2="0" tag="651"><subfield code="a">Wahiawa (Hawaii)</subfield><subfield code="v">Periodicals.</subfield></datafield><datafield ind1=" " ind2="7" tag="655"><subfield code="a">Periodicals.</subfield><subfield code="2">fast</subfield><subfield code="0">(OCoLC)fst01411641</subfield></datafield><datafield ind1=" " ind2="7" tag="651"><subfield code="a">Hawaii</subfield><subfield code="z">Wahiawa.</subfield><subfield code="2">fast</subfield><subfield code="0">(OCoLC)fst01230456</subfield></datafield><datafield ind1=" " ind2=" " tag="752"><subfield code="a">United States</subfield><subfield code="b">Hawaii</subfield><subfield code="c">Honolulu</subfield><subfield code="d">Kaneohe.</subfield></datafield><datafield ind1="0" ind2="1" tag="780"><subfield code="t">Leeward &amp; Wahiawa sun press</subfield><subfield code="w">(DLC)sn 84045361</subfield><subfield code="w">(OCoLC)11471241</subfield></datafield><datafield ind1="0" ind2="0" tag="785"><subfield code="t">Central sun press</subfield><subfield code="w">(DLC)sn 84045365</subfield><subfield code="w">(OCoLC)11471269</subfield></datafield></record>